<?xml version="1.0" encoding="UTF-8"?><record xmlns="http://www.loc.gov/MARC21/slim" xmlns:cinclude="http://apache.org/cocoon/include/1.0" xmlns:zs="http://www.loc.gov/zing/srw/">
  <leader>00297nz  a2200121n  4500</leader>
  <controlfield tag="001">n  98096325 </controlfield>
  <controlfield tag="003">DLC</controlfield>
  <controlfield tag="005">19981027111510.3</controlfield>
  <controlfield tag="008">981027n| acannaab|          |n aaa |||  </controlfield>
  <datafield tag="010" ind1=" " ind2=" ">
    <subfield code="a">n  98096325 </subfield>
  </datafield>
  <datafield tag="040" ind1=" " ind2=" ">
    <subfield code="a">DLC</subfield>
    <subfield code="c">DLC</subfield>
  </datafield>
  <datafield tag="100" ind1="1" ind2="0">
    <subfield code="a">Job, Bertram</subfield>
  </datafield>
  <datafield tag="670" ind1=" " ind2=" ">
    <subfield code="a">Bis zum bitteren Ende, 1996:</subfield>
    <subfield code="b">t.p. (Bertram Job)</subfield>
  </datafield>
</record>